@misc {TensorFlow2021GenerateMusic,
   url = {https://www.tensorflow.org/tutorials/audio/music_generation},
   year = {2021},
   title = {Generate music with an RNN},
   author = {The TensorFlow Authors},
}

@misc {pyFluidSynth,
   author = {Free Software Foundation},
   url = {https://github.com/nwhitehead/pyfluidsynth?tab=LGPL-2.1-1-ov-file},
   year = {1999},
   title = {pyFluidSynth},
}

@misc {prettyMIDI,
   author = {Colin Raffel},
   url = {https://github.com/craffel/pretty-midi?tab=readme-ov-file},
   year = {2014},
   title = {pretty\_midi},
}


@inproceedings{
  hawthorne2018enabling,
  title={Enabling Factorized Piano Music Modeling and Generation with the {MAESTRO} Dataset},
  author={Curtis Hawthorne and Andriy Stasyuk and Adam Roberts and Ian Simon and Cheng-Zhi Anna Huang and Sander Dieleman and Erich Elsen and Jesse Engel and Douglas Eck},
  booktitle={International Conference on Learning Representations},
  year={2019},
  url={https://openreview.net/forum?id=r1lYRjC9F7},
}